%% This BibTeX bibliography file was created using BibDesk.
%% http://bibdesk.sourceforge.net/


%% Created for Osman Currim at 2009-05-10 19:04:29 -0400 


%% Saved with string encoding Western (ASCII) 



@book{rayner,
	Author = {Manny Rayner},
	Date-Added = {2009-05-10 19:00:13 -0400},
	Date-Modified = {2009-05-10 19:04:10 -0400},
	Publisher = {Cambridge University Press},
	Title = {The Spoken Language Translator},
	Year = {2000}}

@book{dahlgreen,
	Author = {Kathleen Dahlgreen},
	Date-Added = {2009-05-10 15:59:13 -0400},
	Date-Modified = {2009-05-10 16:01:29 -0400},
	Editor = {Jaime Carbonell},
	Publisher = {Kluwer Academic Publishers},
	Title = {Naive Semantics for Natural Language Understanding},
	Year = {1988}}

@url{hive_about,
	Author = {Ashish Thusoo},
	Date-Added = {2009-05-10 03:00:37 -0400},
	Date-Modified = {2009-05-10 03:00:37 -0400},
	Lastchecked = {May 1, 2009},
	Title = {Hadoop Hive},
	Url = {http://hadoop.apache.org/hive/},
	Urldate = {May 1, 2009},
	Bdsk-Url-1 = {http://hadoop.apache.org/hive/}}

@url{hadoop_about,
	Author = {Apache},
	Date-Added = {2009-05-06 19:31:06 -0400},
	Date-Modified = {2009-05-10 03:01:39 -0400},
	Lastchecked = {May 1, 2009},
	Title = {Apache Hadoop Core},
	Url = {http://hadoop.apache.org/core/},
	Urldate = {May 1, 2009},
	Bdsk-Url-1 = {http://hadoop.apache.org/hive/}}

@url{facebook_mission,
	Author = {Facebook},
	Date-Added = {2009-05-06 17:00:08 -0400},
	Date-Modified = {2009-05-08 01:12:57 -0400},
	Lastchecked = {May 1, 2009},
	Read = {No},
	Title = {Facebook Mission Statement},
	Url = {http://www. facebook.com/facebook?ref=pf#/facebook?v=info&viewas=0},
	Bdsk-Url-1 = {http://www.facebook.com/facebook?ref=pf#/facebook?v=info&viewas=0}}

@url{FAQ,
	Author = {Kx Systems},
	Date-Added = {2008-09-05 16:04:20 -0400},
	Date-Modified = {2008-09-05 16:04:41 -0400},
	Title = {Kx Systems - Developers - FAQ},
	Url = {http://kx.com/developers/faq.php},
	Urldate = {August 4, 2008},
	Bdsk-Url-1 = {http://kx.com/developers/faq.php}}

@url{samsung_hdd,
	Author = {Samsung},
	Date-Added = {2008-08-23 15:31:04 -0400},
	Date-Modified = {2008-08-23 15:36:03 -0400},
	Title = {HE103UJ Hard Drive Specification},
	Url = {http://www.samsung.com/global/business/hdd/productmodel.do?group=72&type=58&subtype=70&model_cd=233&ppmi=1162#},
	Urldate = {August 11, 2008},
	Bdsk-Url-1 = {http://www.samsung.com/global/business/hdd/productmodel.do?group=72&type=58&subtype=70&model_cd=233&ppmi=1162#}}

@url{ram_speed,
	Author = {Micron Technology},
	Date-Added = {2008-08-23 15:27:42 -0400},
	Date-Modified = {2008-08-23 15:29:39 -0400},
	Title = {Memory speeds and compatibility},
	Url = {http://www.crucial.com/support/memory_speeds.aspx},
	Bdsk-Url-1 = {http://www.crucial.com/support/memory_speeds.aspx}}

@techreport{whitepaper,
	Author = {Kx Systems},
	Date-Added = {2008-08-16 23:51:28 -0400},
	Date-Modified = {2008-09-05 16:05:18 -0400},
	Institution = {Kx Systems},
	Title = {kdb+ Database Whitepaper},
	Url = {http://kx.com/papers/KxDatabase0611.pdf},
	Urldate = {August 4, 2008},
	Year = {2006},
	Bdsk-Url-1 = {http://kx.com/papers/KxDatabase0611.pdf}}

@book{Kroha,
	Author = {Petr Kroha},
	Date-Added = {2008-01-14 04:40:43 -0500},
	Date-Modified = {2008-09-05 16:01:16 -0400},
	Publisher = {McGraw-Hill Book Company},
	Title = {Object and Databases},
	Year = {1993}}
