%% This BibTeX bibliography file was created using BibDesk.
%% http://bibdesk.sourceforge.net/


%% Created for Osman Currim at 2008-09-05 16:06:59 -0400 


%% Saved with string encoding Western (ASCII) 



@url{FAQ,
	Author = {Kx Systems},
	Date-Added = {2008-09-05 16:04:20 -0400},
	Date-Modified = {2008-09-05 16:04:41 -0400},
	Title = {Kx Systems - Developers - FAQ},
	Url = {http://kx.com/developers/faq.php},
	Urldate = {August 4, 2008}}

@url{samsung_hdd,
	Author = {Samsung},
	Date-Added = {2008-08-23 15:31:04 -0400},
	Date-Modified = {2008-08-23 15:36:03 -0400},
	Title = {HE103UJ Hard Drive Specification},
	Url = {http://www.samsung.com/global/business/hdd/productmodel.do?group=72&type=58&subtype=70&model_cd=233&ppmi=1162#},
	Urldate = {August 11, 2008}}

@url{ram_speed,
	Author = {Micron Technology},
	Date-Added = {2008-08-23 15:27:42 -0400},
	Date-Modified = {2008-08-23 15:29:39 -0400},
	Title = {Memory speeds and compatibility},
	Url = {http://www.crucial.com/support/memory_speeds.aspx}}

@techreport{whitepaper,
	Author = {Kx Systems},
	Date-Added = {2008-08-16 23:51:28 -0400},
	Date-Modified = {2008-09-05 16:05:18 -0400},
	Institution = {Kx Systems},
	Title = {kdb+ Database Whitepaper},
	Url = {http://kx.com/papers/KxDatabase0611.pdf},
	Urldate = {August 4, 2008},
	Year = {2006}}

@book{Kroha,
	Author = {Petr Kroha},
	Date-Added = {2008-01-14 04:40:43 -0500},
	Date-Modified = {2008-09-05 16:01:16 -0400},
	Publisher = {McGraw-Hill Book Company},
	Title = {Object and Databases},
	Year = {1993}}
