%% This BibTeX bibliography file was created using BibDesk.
%% http://bibdesk.sourceforge.net/


%% Created for Osman Currim at 2008-01-14 04:42:51 -0500 


%% Saved with string encoding Western (ASCII) 



@book{Bagrit,
	Author = {Leon Bagrit},
	Date-Added = {2008-01-14 04:40:43 -0500},
	Date-Modified = {2008-01-14 04:42:49 -0500},
	Publisher = {Weidenfeld and Nicolson},
	Title = {The Age of Automation},
	Year = {1965}}

@book{Terborgh,
	Author = {George Terborgh},
	Date-Added = {2008-01-14 04:32:56 -0500},
	Date-Modified = {2008-01-14 04:40:36 -0500},
	Publisher = {W. W. Norton & Company Inc.},
	Title = {The Automation Hysteria},
	Year = {1965}}

@book{Silberman,
	Author = {Charles E. Silberman},
	Date-Added = {2008-01-14 04:31:02 -0500},
	Date-Modified = {2008-01-14 04:32:43 -0500},
	Publisher = {Harper & Row},
	Title = {The Myths of Automation},
	Year = {1966}}

@book{Walker,
	Author = {Charles R. Walker},
	Date-Added = {2008-01-14 04:27:59 -0500},
	Date-Modified = {2008-01-14 04:29:17 -0500},
	Publisher = {Yale University Press},
	Title = {Toward the Automatic Factory},
	Year = {1957}}

@electronic{Fowler,
	Author = {Martin Fowler},
	Date-Added = {2008-01-03 01:36:24 -0500},
	Date-Modified = {2008-01-03 02:53:37 -0500},
	Title = {Continuous Integration},
	Url = {http://martinfowler.com/articles/continuousIntegration.html},
	Urldate = {December 22, 2007}}
